@article{matplolib,
  author    = {Hunter, J. D.},
  title     = {Matplotlib: A 2D graphics environment},
  journal   = {Computing in Science \& Engineering},
  volume    = {9},
  number    = {3},
  pages     = {90--95},
  abstract  = {Matplotlib is a 2D graphics package used for Python for
               application development, interactive scripting, and publication-quality
               image generation across user interfaces and operating systems.},
  publisher = {IEEE COMPUTER SOC},
  doi       = {10.1109/MCSE.2007.55},
  year      = 2007
}

@article{numpy,
  title     = {Array programming with {NumPy}},
  author    = {Charles R. Harris and K. Jarrod Millman and St{\'{e}}fan J.
               van der Walt and Ralf Gommers and Pauli Virtanen and David
               Cournapeau and Eric Wieser and Julian Taylor and Sebastian
               Berg and Nathaniel J. Smith and Robert Kern and Matti Picus
               and Stephan Hoyer and Marten H. van Kerkwijk and Matthew
               Brett and Allan Haldane and Jaime Fern{\'{a}}ndez del
               R{\'{i}}o and Mark Wiebe and Pearu Peterson and Pierre
               G{\'{e}}rard-Marchant and Kevin Sheppard and Tyler Reddy and
               Warren Weckesser and Hameer Abbasi and Christoph Gohlke and
               Travis E. Oliphant},
  year      = {2020},
  month     = sep,
  journal   = {Nature},
  volume    = {585},
  number    = {7825},
  pages     = {357--362},
  doi       = {10.1038/s41586-020-2649-2},
  publisher = {Springer Science and Business Media {LLC}},
  url       = {https://doi.org/10.1038/s41586-020-2649-2}
}

@misc{git-repo,
  title     = {Github Repository for the Term Paper},
  author    = {Harikesh Kushwaha},
  year      = {2023},
  month     = apr,
  publisher = {Github},
  url       = {https://github.com/Hari31416/Laser-Term-Paper}
}

 @misc{wikipedia,
  title     = {Ray Transfer Matrix Analysis},
  url       = {https://en.wikipedia.org/wiki/Ray_transfer_matrix_analysis},
  journal   = {Wikipedia},
  publisher = {Wikimedia Foundation},
  date      = {2023-04-08}
} 

@software{manim,
  author  = {{The Manim Community Developers}},
  license = {MIT},
  month   = {4},
  title   = {{Manim - Mathematical Animation Framework}},
  url     = {https://www.manim.community/},
  version = {v0.17.3},
  year    = {2023}
}